%%
%% WinShell 3.3.2.6
%% http://www.winshell.org/
%%

% Strings


% Preamble


@article{iot1,
author = {Coutinho, Rodolfo and Boukerche, Azzedine},
year = {2019},
month = {08},
pages = {},
title = {Modeling and Analysis of a Shared Edge Caching System for Connected Cars and Industrial IoT-Based Applications},
volume = {PP},
journal = {IEEE Transactions on Industrial Informatics},
doi = {10.1109/TII.2019.2938529}
}

@inproceedings{iot2,
author = {Satapathy, Utkalika and Mohanta, Bhabendu and Jena, Debasish and Sobhanayak, Srichandan},
year = {2018},
month = {12},
pages = {303-308},
title = {An ECC based Lightweight Authentication Protocol For Mobile Phone in Smart Home},
doi = {10.1109/ICIINFS.2018.8721417}
}

@article{iot3,
author = {Ekwueme, Chika and Adam, Ibrahim and Dwivedi, Avinash},
year = {2024},
month = {03},
pages = {},
title = {Lightweight Cryptography for Internet of Things: A Review},
journal = {EAI Endorsed Transactions on Internet of Things},
doi = {10.4108/eetiot.5565}
}

@article{iot4,
author = {Yousuf, Tasneem and Mahmoud, Rwan and Aloul, Fadi and Zualkernan, Imran},
year = {2015},
month = {12},
pages = {608-616},
title = {Internet of Things (IoT) Security: Current Status, Challenges and Countermeasures},
volume = {5},
journal = {International Journal for Information Security Research},
doi = {10.20533/ijisr.2042.4639.2015.0070}
}

@inproceedings{iot5,
author = {Delvai, Martin and Eisenmann, Ulrike and Elmenreich, Wilfried},
year = {2003},
month = {01},
pages = {177-185},
title = {Intelligent UART Module for Real-Time Applications}
}

@article{iot6,
author = {Rekha, Shashi and Lingala, Thirupathi and Renikunta, Srikanth and Gangula, Rekha},
year = {2021},
month = {07},
pages = {},
title = {Study of security issues and solutions in Internet of Things (IoT)},
volume = {80},
journal = {Materials Today: Proceedings},
doi = {10.1016/j.matpr.2021.07.295}
}

@article{Ascon-Hash,
author = {El-Hadedy, Mohamed and Guo, Xinfei and Yoshii, Kazutomo and Cai, Yichen and Herndon, Robert and Banta, Bryan and Hwu, Wen-Mei},
year = {2023},
month = {07},
pages = {102061},
title = {RECO-ASCON: Reconfigurable ASCON hash functions for IoT applications},
volume = {93},
journal = {Integration},
doi = {10.1016/j.vlsi.2023.102061}
}

@article{asconv1.2,
  author = {Dobraunig, Christoph and Eichlseder, Maria and Mendel, Florian and Rechberger, Christian},
  title = {Ascon v1.2: Lightweight Authenticated Encryption and Hashing},
  journal = {Journal of Cryptology},
  volume = {34},
  number = {1},
  pages = {33},
  year = {2021},
  doi = {10.1007/s00145-021-09398-9},
}

@techreport{secg,
  author = {Brown, Daniel R. L.},
  title = {Standards for Efficient Cryptography SEC 2: Recommended Elliptic Curve Domain Parameters, Version 2.0},
  institution = {Standards for Efficient Cryptography Group (SECG)},
  year = {2010},
  number = {SEC 2},
  type = {Technical Report},
}

@article{a-decade,
author = {Rajmohan, Tanusan and Nguyen, Phu and Ferry, Nicolas},
year = {2022},
month = {01},
pages = {},
title = {A decade of research on patterns and architectures for IoT security},
volume = {5},
journal = {Cybersecurity},
doi = {10.1186/s42400-021-00104-7}
}

@article{understandingIoT,
author = {Hameed, Sufian and Idris Khan, Faraz and Hameed, Bilal},
year = {2019},
month = {01},
pages = {1-14},
title = {Understanding Security Requirements and Challenges in Internet of Things (IoT): A Review},
volume = {2019},
journal = {Journal of Computer Networks and Communications},
doi = {10.1155/2019/9629381}
}

@article{novelbased,
author = {Hou, Jia-Li and Yeh, Kuo-Hui},
year = {2015},
month = {11},
pages = {1-9},
title = {Novel Authentication Schemes for IoT Based Healthcare Systems},
volume = {2015},
journal = {International Journal of Distributed Sensor Networks},
doi = {10.1155/2015/183659}
}

@article{keytime,
author = {Saif, Sohail and Das, Priya and Biswas, Suparna and Khan, Shakir and Haq, Mohd Anul and Kovtun, Viacheslav},
year = {2024},
month = {08},
pages = {e36269},
title = {A secure data transmission framework for IoT enabled healthcare},
volume = {10},
journal = {Heliyon},
doi = {10.1016/j.heliyon.2024.e36269}
}

@article{nist,
author = {Mahto, Dindayal and YADAV, DILIP},
year = {2017},
month = {01},
pages = {9053-9061},
title = {RSA and ECC: A comparative analysis},
volume = {12},
journal = {International Journal of Applied Engineering Research}
}

@article{ecc-review,
author = {Siddiqui, Rahat and Mehrotra, Suresh},
year = {2011},
month = {06},
pages = {Pp 84-103},
title = {A Review on Elliptic Curve Cryptography for Embedded Systems},
volume = {Vol 3,},
journal = {International Journal of Computer Science \& Information Technology (IJCSIT)},
doi = {10.5121/ijcsit.2011.3307}
}

@article{dtls,
author = {Peretti, Giulio and Lakkundi, Vishwas and Zorzi, Michele},
year = {2015},
month = {04},
pages = {},
title = {BlinkToSCoAP: An end-to-end security framework for the Internet of Things},
journal = {2015 7th International Conference on Communication Systems and Networks, COMSNETS 2015 - Proceedings},
doi = {10.1109/COMSNETS.2015.7098708}
}

@article{hardware,
  author = {Abdulghani, H.A. and Collen, A. and Nijdam, N.A.},
  title = {Guidance Framework for Developing IoT-Enabled Systemsâ€™ Cybersecurity},
  journal = {Sensors},
  year = {2023},
  volume = {23},
  number = {8},
  pages = {4174},
  month = {April},
  doi = {10.3390/s23084174},
  publisher = {MDPI}
}


@unknown{AESvsAscon,
author = {Ahmad, Ijaz and Shahid, Hafiz Faheem and Islam, Johirul and Haque, Kazi and Harjula, Erkki},
year = {2024},
month = {06},
pages = {},
title = {Adaptive Lightweight Security for Performance Efficiency in Critical Healthcare Monitoring},
doi = {10.48550/arXiv.2406.03786}
}

@online{ascon-hash-2,
  author = {{AsecuritySite}},
  title = {ASCON Hashing and XOF (eXtendable-Output Functions)},
  year = {2025},
  url = {https://asecuritysite.com/ascon/ascon02},
}

@online{cumulative,
  author = {{Online}},
  title = {Cumulative Distribution Function},
  year = {2025},
  url = {https://en.wikipedia.org/wiki/Cumulative_distribution_function},
}

@online{brute-force1,
  author = {{Field Effect}},
  title = {What is a Brute Force Attack?},
  year = {2025},
  url = {https://fieldeffect.com/blog/what-is-a-brute-force-attack},
}

@online{brute-force2,
  author = {{Project RC5}},
  title = {Password Cracking},
  year = {2025},
  url = {https://www.distributed.net/RC5},
}

@online{brute-force3,
  author = {{Wikipedia}},
  title = {Project RC5},
  year = {2025},
  url = {https://en.wikipedia.org/wiki/Password_cracking},
}

@online{side-channel,
  author = {{Wikipedia}},
  title = {Side-Channel Attack},
  year = {2025},
  url = {https://en.wikipedia.org/wiki/Side-channel_attack},
}

@online{cpa,
  author = {{Department of Electronic Systems Engineering Indian Institute Of Science
Bengaluru}},
  title = {Power Side-channel Attack on Software Implemented AES Using ChipWhisperer NANO},
  year = {2025},
  url = {https://labs.dese.iisc.ac.in/embeddedlab/power-side-channel-attack-on-software-implemented-aes/},
}

@online{cryptanalytic,
  author = {{Wikipedia}},
  title = {Cryptanalysis},
  year = {2025},
  url = {https://en.wikipedia.org/wiki/Cryptanalysis},
}

@online{Related-key-attack,
  author = {{Wikipedia}},
  title = {Related-key Attack},
  year = {2025},
  url = {https://en.wikipedia.org/wiki/Related-key_attack},
}

@online{MITM,
  author = {{Viblo}},
  title = {Man-in-the-Middle},
  year = {2025},
  url = {https://viblo.asia/p/man-in-the-middle-attack-mitm-aWj53LMbK6m},
}

@online{mitm-dh,
  author = {{Geeksforgeeks}},
  title = {Man in the Middle Attack in Diffie-Hellman Key Exchange},
  year = {2025},
  url = {https://www.geeksforgeeks.org/man-in-the-middle-attack-in-diffie-hellman-key-exchange/},
}

@online{replay-attack,
  author = {{Wikipedia}},
  title = {Replay Attack},
  year = {2025},
  url = {https://vi.wikipedia.org/wiki/T%E1%BA%A5n_c%C3%B4ng_ph%C3%A1t_l%E1%BA%A1i},
}


